<record><leader>00000cas a22000007a 4500</leader><controlfield tag="001">13521761</controlfield><controlfield tag="008">860502d18731973pauwr ne      0    0eng  </controlfield><controlfield tag="009">466</controlfield><datafield ind1=" " ind2=" " tag="010"><subfield code="a">sn 86071434 </subfield></datafield><datafield ind1=" " ind2=" " tag="040"><subfield code="a">DLC</subfield><subfield code="b">eng</subfield><subfield code="c">DLC</subfield><subfield code="d">NPH</subfield><subfield code="d">NPX</subfield><subfield code="d">NPH</subfield></datafield><datafield ind1="1" ind2=" " tag="029"><subfield code="a">AU@</subfield><subfield code="b">000025785433</subfield></datafield><datafield ind1=" " ind2=" " tag="042"><subfield code="a">msc</subfield></datafield><datafield ind1="0" ind2="0" tag="050"><subfield code="a">Newspaper 9375-X</subfield></datafield><datafield ind1="0" ind2=" " tag="130"><subfield code="a">Public spirit (Hatboro, Pa.)</subfield></datafield><datafield ind1="0" ind2="0" tag="245"><subfield code="a">Public spirit.</subfield></datafield><datafield ind1="0" ind2="3" tag="246"><subfield code="a">Hatboro public spirit</subfield></datafield><datafield ind1=" " ind2=" " tag="260"><subfield code="a">Hatboro, Pa. :</subfield><subfield code="b">J.E. Wittmer &amp; Co.,</subfield><subfield code="c">1873-1973.</subfield></datafield><datafield ind1=" " ind2=" " tag="300"><subfield code="a">v. :</subfield><subfield code="b">ill. (chiefly advertisements) ;</subfield><subfield code="c">44-77 cm.</subfield></datafield><datafield ind1=" " ind2=" " tag="310"><subfield code="a">Weekly</subfield></datafield><datafield ind1="0" ind2=" " tag="362"><subfield code="a">Vol. 1, no.1 (Sept. 13, 1873)-v. 100, no. 21 (Feb. 1, 1973).</subfield></datafield><datafield ind1=" " ind2=" " tag="500"><subfield code="a">Published simultaneously at Jenkintown, Pa., &lt;1880&gt;.</subfield></datafield><datafield ind1=" " ind2=" " tag="500"><subfield code="a">Various editions available.</subfield></datafield><datafield ind1=" " ind2=" " tag="525"><subfield code="a">Supplements accompany some issues.</subfield></datafield><datafield ind1=" " ind2=" " tag="500"><subfield code="a">Editor: W.T. Robinson, &lt;1876&gt;.</subfield></datafield><datafield ind1=" " ind2=" " tag="580"><subfield code="a">Bucks County ed.: Bucks County spirit.</subfield></datafield><datafield ind1=" " ind2=" " tag="752"><subfield code="a">United States</subfield><subfield code="b">Pennsylvania</subfield><subfield code="c">Montgomery</subfield><subfield code="d">Hatboro.</subfield></datafield><datafield ind1=" " ind2=" " tag="752"><subfield code="a">United States</subfield><subfield code="b">Pennsylvania</subfield><subfield code="c">Montgomery</subfield><subfield code="d">Jenkintown.</subfield></datafield><datafield ind1="1" ind2=" " tag="775"><subfield code="t">Bucks County spirit</subfield><subfield code="w">(DLC)sn 89077615</subfield></datafield><datafield ind1="0" ind2="0" tag="785"><subfield code="t">Today's spirit</subfield><subfield code="w">(DLC)sn 84002031</subfield></datafield></record>